@article{ong-spiteri,
    author = "Benjamin W. Ong and Raymond J Spiteri",
    title = "Deferred Correction Methods for Ordinary Differential Equations",
    journal = "Journal of Scientific Computing",
    volume = "83",
    number = "63",
    year = "2020",
    DOI = "https://doi.org/10.1007/s10915-020-01235-8",
    keywords = "computing, scientific"
}

@article{pereyra1,
    author = {Victor Pereyra},
    title = {On improving an approximate solution of a functional equation by deferred corrections},
    journal = {Numerische Mathematik},
    volume = {8},
    year = {1966},
    DOI = "https://doi.org/10.1007/BF02162981",
    keywords = "numerical, integration"
}

@article{parra,
    author = {Andrew J. Christlieb and Colin B. Macdonald and Benjamin W. Ong},
    title = {Parallel High-Order Integrators},
    journal = {SIAM Journal of Scientific Computing},
    volume = {32},
    number = {2},
    pages = {818--835},
    year = {2010},
    DOI = "https://doi.org/10.1137/09075740X"
}

@article{ongchrist,
    author = "Andrew J. Christlieb and Benjamin W. Ong",
    title = "Implicit Parallel Time Integrators",
    journal = "Journal of Scientific Computing",
    volume = "49",
    pages = "167--179",
    year = "2011",
    DOI = "https://doi.org/10.1007/s10915-020-01235-8",
    keywords = "computing, scientific"
}

@article{ridcbook,
    author = "Andrew J. Christlieb and Colin B. Macdonald and Benjamin W. Ong and Raymond J Spiteri",
    title = "Revisionist Integral Deferred Correction with Adaptive Step-size Control",
    journal="Communications in Applied Mathematics and Computational Science",
    volume = "10",
    number = "1",
    year = "2015",
    DOI = "dx.doi.org/10.2140/camcos.2015.10.1",
    keywords = "computing, scientific, RIDC"
}